=LDR  01820cam a22004935i 4500
=001  on1381158740
=050  \4$aDK504.73$b.D86 2022
=245  00$aDunikas Laika grāmata 1812-1858 /$catbildīgā redaktore Anita Helviga ; sagatavotāji Agris Dzenis, Mihails Ignats, Inese Veisbuka.
=300  \\$a248 pages :$bcolor illustrations, color maps, color photographs ;$c31 cm
=600  10$aMucenieks, Jānis,$d1800-1885.$tLaika grāmata.
=600  10$aMucenieks, Jānis,$d1800-1885$vDiaries.
=651  \0$aLatvia$xHistory$y19th century$vSources.
=651  \0$aLatvia$xHistory$y1562-1918$vSources.
=852  8\$hReCAP 23-108996
=901  \\$aEVP
=910  \\$aRL
=949  \1$z8528$p7.77$vEVP$h43$aReCAP 23-108996$lrc2ma$t55$i33433678901234
=960  \\$s8372$tMAL$u50108latv$dr$ef$ia$gq
=980  \\$a230918$b7700$c672$d000$e8372$f20048818$g1


